@String{ CGF = {Computer Graphics Forum} }
@String{ CGF-2020 = {~(EG STAR 2020)} }

@Preamble{ "\providecommand\url{\texttt}" }

@misc{dellaert2021neural,
    title = {Neural Volume Rendering: NeRF And Beyond}, 
    author = {Frank Dellaert and Lin Yen-Chen},
    year = {2021},
    eprint = {2101.05204},
    archivePrefix = {arXiv},
    primaryClass = {cs.CV},
    howpublished = "\url{https://dellaert.github.io/NeRF/}"
}

@article{Tewari20eurographics_neural_rendering,
    author = {Tewari, A. and Fried, O. and Thies, J. and Sitzmann, V. and Lombardi, S. and Sunkavalli, K. and Martin-Brualla, R. and Simon, T. and Saragih, J. and Nie{\ss}ner, M. and Pandey, R. and Fanello, S. and Wetzstein, G. and Zhu, J.-Y. and Theobalt, C. and Agrawala, M. and Shechtman, E. and Goldman, D. B and Zollh{\"o}fer, M.},
    title = {{State of the Art on Neural Rendering}},    
    journal = CGF # CGF-2020,
    year = {2020}
}

@InProceedings{Mildenhall20eccv_nerf,
    Author = {Ben Mildenhall and Pratul P. Srinivasan and Matthew Tancik and Jonathan T. Barron and Ravi Ramamoorthi and Ren Ng},
    Booktitle = {The European Conference on Computer Vision (ECCV)},
    Title = {{NeRF}: Representing scenes as neural radiance fields for view synthesis},
    Year = {2020}
}